<record><leader>00000cas a22000007a 4500</leader><controlfield tag="001">16632152</controlfield><controlfield tag="008">870902c19579999ohudr ne      0    0eng d</controlfield><datafield ind1=" " ind2=" " tag="010"><subfield code="a">sn 87076526 </subfield></datafield><datafield ind1=" " ind2=" " tag="040"><subfield code="a">ONP</subfield><subfield code="b">eng</subfield><subfield code="c">ONP</subfield><subfield code="d">OCLCQ</subfield></datafield><datafield ind1=" " ind2=" " tag="042"><subfield code="a">msc</subfield></datafield><datafield ind1="0" ind2=" " tag="130"><subfield code="a">Sandusky register (Sandusky, Ohio : 1957)</subfield></datafield><datafield ind1="1" ind2="0" tag="245"><subfield code="a">Sandusky register.</subfield></datafield><datafield ind1=" " ind2=" " tag="260"><subfield code="a">Sandusky, Ohio :</subfield><subfield code="b">Sandusky Newspapers,</subfield><subfield code="c">1957-</subfield></datafield><datafield ind1=" " ind2=" " tag="300"><subfield code="a">v.</subfield></datafield><datafield ind1=" " ind2=" " tag="310"><subfield code="a">Daily</subfield></datafield><datafield ind1="0" ind2=" " tag="362"><subfield code="a">Vol. 135, no. 41 (June 1, 1957)-</subfield></datafield><datafield ind1=" " ind2="4" tag="651"><subfield code="a">Sandusky (Ohio)</subfield><subfield code="v">Newspapers.</subfield></datafield><datafield ind1=" " ind2="4" tag="651"><subfield code="a">Erie County (Ohio)</subfield><subfield code="v">Newspapers.</subfield></datafield><datafield ind1=" " ind2=" " tag="752"><subfield code="a">United States</subfield><subfield code="b">Ohio</subfield><subfield code="c">Erie</subfield><subfield code="d">Sandusky.</subfield></datafield><datafield ind1="0" ind2="0" tag="780"><subfield code="t">Sandusky register-star-news</subfield><subfield code="w">(DLC)sn 84028041</subfield></datafield><datafield ind1="1" ind2=" " tag="029"><subfield code="a">AU@</subfield><subfield code="b">000025800652</subfield></datafield></record>